<record><leader>00000cas a22000007a 4500</leader><controlfield tag="001">12061011</controlfield><controlfield tag="008">850521d18681870aluwr ne      0    0eng d</controlfield><datafield ind1=" " ind2=" " tag="010"><subfield code="a">sn 85044909 </subfield></datafield><datafield ind1=" " ind2=" " tag="040"><subfield code="a">AAA</subfield><subfield code="b">eng</subfield><subfield code="c">AAA</subfield><subfield code="d">CPN</subfield><subfield code="d">OCL</subfield><subfield code="d">CPN</subfield><subfield code="d">OCLCQ</subfield></datafield><datafield ind1=" " ind2=" " tag="019"><subfield code="a">12320522</subfield></datafield><datafield ind1=" " ind2=" " tag="042"><subfield code="a">msc</subfield></datafield><datafield ind1="0" ind2="0" tag="245"><subfield code="a">Shelby County guide.</subfield></datafield><datafield ind1=" " ind2=" " tag="260"><subfield code="a">Columbiana, Ala. :</subfield><subfield code="b">W. Roberts,</subfield><subfield code="c">1868-1870.</subfield></datafield><datafield ind1=" " ind2=" " tag="300"><subfield code="a">v. :</subfield><subfield code="b">ill.</subfield></datafield><datafield ind1=" " ind2=" " tag="310"><subfield code="a">Weekly</subfield></datafield><datafield ind1="0" ind2=" " tag="362"><subfield code="a">Vol. 1, no. 1 (Apr. 30, 1868)-v. 2, no. 51 (May 24, 1870).</subfield></datafield><datafield ind1=" " ind2=" " tag="752"><subfield code="a">United States</subfield><subfield code="b">Alabama</subfield><subfield code="c">Shelby</subfield><subfield code="d">Columbiana.</subfield></datafield><datafield ind1="0" ind2="0" tag="785"><subfield code="t">Shelby guide (Columbiana, Ala.)</subfield><subfield code="w">(DLC)sn 85033093</subfield></datafield><datafield ind1="1" ind2=" " tag="029"><subfield code="a">AU@</subfield><subfield code="b">000025831522</subfield></datafield></record>